%% This BibTeX bibliography file was created using BibDesk.
%% http://bibdesk.sourceforge.net/

%% Created for Nuno Casteleira at 2017-06-27 15:42:33 +0100 


%% Saved with string encoding Unicode (UTF-8) 



@misc{tom_pollard_2016_58490,
	Author = {Tom Pollard and Marvin Reimer and David San and Arco Mul and Matthew Gwynfryn Thomas and Jakub Nowosad and Dennis Weissmann and W. Caleb McDaniel},
	Date-Added = {2017-06-27 14:42:31 +0000},
	Date-Modified = {2017-06-27 14:42:31 +0000},
	Doi = {10.5281/zenodo.58490},
	Month = jul,
	Title = {Template for writing a PhD thesis in Markdown},
	Url = {https://doi.org/10.5281/zenodo.58490},
	Year = 2016,
	Bdsk-Url-1 = {https://doi.org/10.5281/zenodo.58490},
	Bdsk-Url-2 = {http://dx.doi.org/10.5281/zenodo.58490}}

@book{Cousteau1963,
	Abstract = {In The Living Sea Jacques Yves Cousteau describes the rich and exciting progress made in exploring life under water by the numerous scientific expeditions which he has been directing since, in his earlier book, The Silent World, he wrote this classic account of man's first experience on the continent below the sea.},
	Address = {London},
	Author = {{Cousteau, Jacques} and {Dugan, James}},
	Pages = {1--212},
	Publisher = {Hamish Hamilton},
	Title = {{The Living Sea: by Jacques-Yves Cousteau}},
	Type = {Book},
	Year = {1963}}
